%YAML 1.1
%TAG !u! tag:unity3d.com,2011:
--- !u!1 &1521711867140842396
GameObject:
  m_ObjectHideFlags: 0
  m_CorrespondingSourceObject: {fileID: 0}
  m_PrefabInstance: {fileID: 0}
  m_PrefabAsset: {fileID: 0}
  serializedVersion: 6
  m_Component:
  - component: {fileID: 4163790700059327373}
  - component: {fileID: 4299437453975582507}
  - component: {fileID: 1727652059282789962}
  - component: {fileID: 2483878154383357605}
  m_Layer: 0
  m_Name: Mid
  m_TagString: Untagged
  m_Icon: {fileID: 0}
  m_NavMeshLayer: 0
  m_StaticEditorFlags: 0
  m_IsActive: 1
--- !u!4 &4163790700059327373
Transform:
  m_ObjectHideFlags: 0
  m_CorrespondingSourceObject: {fileID: 0}
  m_PrefabInstance: {fileID: 0}
  m_PrefabAsset: {fileID: 0}
  m_GameObject: {fileID: 1521711867140842396}
  m_LocalRotation: {x: -0, y: -0, z: -0, w: 1}
  m_LocalPosition: {x: 1.6516, y: -0.25, z: 0}
  m_LocalScale: {x: 1, y: 1, z: 1}
  m_Children: []
  m_Father: {fileID: 1806415034637574257}
  m_RootOrder: 20
  m_LocalEulerAnglesHint: {x: 0, y: 0, z: 0}
--- !u!33 &4299437453975582507
MeshFilter:
  m_ObjectHideFlags: 0
  m_CorrespondingSourceObject: {fileID: 0}
  m_PrefabInstance: {fileID: 0}
  m_PrefabAsset: {fileID: 0}
  m_GameObject: {fileID: 1521711867140842396}
  m_Mesh: {fileID: 10209, guid: 0000000000000000e000000000000000, type: 0}
--- !u!23 &1727652059282789962
MeshRenderer:
  m_ObjectHideFlags: 0
  m_CorrespondingSourceObject: {fileID: 0}
  m_PrefabInstance: {fileID: 0}
  m_PrefabAsset: {fileID: 0}
  m_GameObject: {fileID: 1521711867140842396}
  m_Enabled: 1
  m_CastShadows: 1
  m_ReceiveShadows: 1
  m_DynamicOccludee: 1
  m_MotionVectors: 1
  m_LightProbeUsage: 1
  m_ReflectionProbeUsage: 1
  m_RayTracingMode: 2
  m_RayTraceProcedural: 0
  m_RenderingLayerMask: 1
  m_RendererPriority: 0
  m_Materials:
  - {fileID: 2100000, guid: 1a709847f11393f40be31fcf4bdc2b0f, type: 2}
  m_StaticBatchInfo:
    firstSubMesh: 0
    subMeshCount: 0
  m_StaticBatchRoot: {fileID: 0}
  m_ProbeAnchor: {fileID: 0}
  m_LightProbeVolumeOverride: {fileID: 0}
  m_ScaleInLightmap: 1
  m_ReceiveGI: 1
  m_PreserveUVs: 0
  m_IgnoreNormalsForChartDetection: 0
  m_ImportantGI: 0
  m_StitchLightmapSeams: 1
  m_SelectedEditorRenderState: 3
  m_MinimumChartSize: 4
  m_AutoUVMaxDistance: 0.5
  m_AutoUVMaxAngle: 89
  m_LightmapParameters: {fileID: 0}
  m_SortingLayerID: 0
  m_SortingLayer: 0
  m_SortingOrder: 0
  m_AdditionalVertexStreams: {fileID: 0}
--- !u!65 &2483878154383357605
BoxCollider:
  m_ObjectHideFlags: 0
  m_CorrespondingSourceObject: {fileID: 0}
  m_PrefabInstance: {fileID: 0}
  m_PrefabAsset: {fileID: 0}
  m_GameObject: {fileID: 1521711867140842396}
  m_Material: {fileID: 0}
  m_IsTrigger: 0
  m_Enabled: 1
  serializedVersion: 2
  m_Size: {x: 10, y: 0.16821176, z: 10}
  m_Center: {x: 0, y: -0.08410588, z: 0}
--- !u!1 &1802846255842500593
GameObject:
  m_ObjectHideFlags: 0
  m_CorrespondingSourceObject: {fileID: 0}
  m_PrefabInstance: {fileID: 0}
  m_PrefabAsset: {fileID: 0}
  serializedVersion: 6
  m_Component:
  - component: {fileID: 1806415034637574257}
  - component: {fileID: -2495462145528259150}
  m_Layer: 0
  m_Name: Segment
  m_TagString: Plane
  m_Icon: {fileID: 0}
  m_NavMeshLayer: 0
  m_StaticEditorFlags: 0
  m_IsActive: 1
--- !u!4 &1806415034637574257
Transform:
  m_ObjectHideFlags: 0
  m_CorrespondingSourceObject: {fileID: 0}
  m_PrefabInstance: {fileID: 0}
  m_PrefabAsset: {fileID: 0}
  m_GameObject: {fileID: 1802846255842500593}
  m_LocalRotation: {x: 0, y: 0, z: 0, w: 1}
  m_LocalPosition: {x: 0, y: 0, z: 0}
  m_LocalScale: {x: 1, y: 1, z: 1}
  m_Children:
  - {fileID: 4715218262221227163}
  - {fileID: 2514137904617100734}
  - {fileID: 7905916921697996557}
  - {fileID: 418347227430717447}
  - {fileID: 2925711554065381041}
  - {fileID: 9113479602652485006}
  - {fileID: 7442842957528440507}
  - {fileID: 6912531248299150857}
  - {fileID: 6141130499831513124}
  - {fileID: 2880768843734085540}
  - {fileID: 5231141628616232762}
  - {fileID: 3346780024358880357}
  - {fileID: 5916066045306016529}
  - {fileID: 5716192784038932379}
  - {fileID: 2815169247120730527}
  - {fileID: 1393586248104707528}
  - {fileID: 4930046577805782027}
  - {fileID: 6047082772357739701}
  - {fileID: 7358540839234991451}
  - {fileID: 3123278324747276972}
  - {fileID: 4163790700059327373}
  - {fileID: 3984050122744859677}
  - {fileID: 2022838315610817503}
  - {fileID: 8487261908723538172}
  - {fileID: 5530156160980244942}
  m_Father: {fileID: 0}
  m_RootOrder: 0
  m_LocalEulerAnglesHint: {x: 0, y: 0, z: 0}
--- !u!114 &-2495462145528259150
MonoBehaviour:
  m_ObjectHideFlags: 0
  m_CorrespondingSourceObject: {fileID: 0}
  m_PrefabInstance: {fileID: 0}
  m_PrefabAsset: {fileID: 0}
  m_GameObject: {fileID: 1802846255842500593}
  m_Enabled: 1
  m_EditorHideFlags: 0
  m_Script: {fileID: 11500000, guid: 409052f41af564c4b92b884721a1b151, type: 3}
  m_Name: 
  m_EditorClassIdentifier: 
  m_renderers:
  - {fileID: 1550760316283450216}
  - {fileID: 9078229153862448226}
  - {fileID: 8526973512669302324}
  - {fileID: 5240014319927842732}
--- !u!1 &2499621489246675599
GameObject:
  m_ObjectHideFlags: 0
  m_CorrespondingSourceObject: {fileID: 0}
  m_PrefabInstance: {fileID: 0}
  m_PrefabAsset: {fileID: 0}
  serializedVersion: 6
  m_Component:
  - component: {fileID: 3984050122744859677}
  - component: {fileID: 5483771758497982730}
  - component: {fileID: 5240014319927842732}
  - component: {fileID: 4330075045186314647}
  m_Layer: 0
  m_Name: Mid (1)
  m_TagString: Untagged
  m_Icon: {fileID: 0}
  m_NavMeshLayer: 0
  m_StaticEditorFlags: 0
  m_IsActive: 1
--- !u!4 &3984050122744859677
Transform:
  m_ObjectHideFlags: 0
  m_CorrespondingSourceObject: {fileID: 0}
  m_PrefabInstance: {fileID: 0}
  m_PrefabAsset: {fileID: 0}
  m_GameObject: {fileID: 2499621489246675599}
  m_LocalRotation: {x: -0, y: -0, z: -0, w: 1}
  m_LocalPosition: {x: 1.6516, y: -0.25, z: -10}
  m_LocalScale: {x: 1, y: 1, z: 1}
  m_Children: []
  m_Father: {fileID: 1806415034637574257}
  m_RootOrder: 21
  m_LocalEulerAnglesHint: {x: 0, y: 0, z: 0}
--- !u!33 &5483771758497982730
MeshFilter:
  m_ObjectHideFlags: 0
  m_CorrespondingSourceObject: {fileID: 0}
  m_PrefabInstance: {fileID: 0}
  m_PrefabAsset: {fileID: 0}
  m_GameObject: {fileID: 2499621489246675599}
  m_Mesh: {fileID: 10209, guid: 0000000000000000e000000000000000, type: 0}
--- !u!23 &5240014319927842732
MeshRenderer:
  m_ObjectHideFlags: 0
  m_CorrespondingSourceObject: {fileID: 0}
  m_PrefabInstance: {fileID: 0}
  m_PrefabAsset: {fileID: 0}
  m_GameObject: {fileID: 2499621489246675599}
  m_Enabled: 1
  m_CastShadows: 1
  m_ReceiveShadows: 1
  m_DynamicOccludee: 1
  m_MotionVectors: 1
  m_LightProbeUsage: 1
  m_ReflectionProbeUsage: 1
  m_RayTracingMode: 2
  m_RayTraceProcedural: 0
  m_RenderingLayerMask: 1
  m_RendererPriority: 0
  m_Materials:
  - {fileID: 2100000, guid: 1a709847f11393f40be31fcf4bdc2b0f, type: 2}
  m_StaticBatchInfo:
    firstSubMesh: 0
    subMeshCount: 0
  m_StaticBatchRoot: {fileID: 0}
  m_ProbeAnchor: {fileID: 0}
  m_LightProbeVolumeOverride: {fileID: 0}
  m_ScaleInLightmap: 1
  m_ReceiveGI: 1
  m_PreserveUVs: 0
  m_IgnoreNormalsForChartDetection: 0
  m_ImportantGI: 0
  m_StitchLightmapSeams: 1
  m_SelectedEditorRenderState: 3
  m_MinimumChartSize: 4
  m_AutoUVMaxDistance: 0.5
  m_AutoUVMaxAngle: 89
  m_LightmapParameters: {fileID: 0}
  m_SortingLayerID: 0
  m_SortingLayer: 0
  m_SortingOrder: 0
  m_AdditionalVertexStreams: {fileID: 0}
--- !u!65 &4330075045186314647
BoxCollider:
  m_ObjectHideFlags: 0
  m_CorrespondingSourceObject: {fileID: 0}
  m_PrefabInstance: {fileID: 0}
  m_PrefabAsset: {fileID: 0}
  m_GameObject: {fileID: 2499621489246675599}
  m_Material: {fileID: 0}
  m_IsTrigger: 0
  m_Enabled: 1
  serializedVersion: 2
  m_Size: {x: 10, y: 0.16821176, z: 10}
  m_Center: {x: 0, y: -0.08410588, z: 0}
--- !u!1001 &163534673416974316
PrefabInstance:
  m_ObjectHideFlags: 0
  serializedVersion: 2
  m_Modification:
    m_TransformParent: {fileID: 1806415034637574257}
    m_Modifications:
    - target: {fileID: -8679921383154817045, guid: 7c453776926fd0246a8066839354c337, type: 3}
      propertyPath: m_RootOrder
      value: 3
      objectReference: {fileID: 0}
    - target: {fileID: -8679921383154817045, guid: 7c453776926fd0246a8066839354c337, type: 3}
      propertyPath: m_LocalScale.x
      value: 0.3
      objectReference: {fileID: 0}
    - target: {fileID: -8679921383154817045, guid: 7c453776926fd0246a8066839354c337, type: 3}
      propertyPath: m_LocalScale.y
      value: 0.2
      objectReference: {fileID: 0}
    - target: {fileID: -8679921383154817045, guid: 7c453776926fd0246a8066839354c337, type: 3}
      propertyPath: m_LocalScale.z
      value: 0.37499705
      objectReference: {fileID: 0}
    - target: {fileID: -8679921383154817045, guid: 7c453776926fd0246a8066839354c337, type: 3}
      propertyPath: m_LocalPosition.x
      value: -12.72
      objectReference: {fileID: 0}
    - target: {fileID: -8679921383154817045, guid: 7c453776926fd0246a8066839354c337, type: 3}
      propertyPath: m_LocalPosition.y
      value: -0.45
      objectReference: {fileID: 0}
    - target: {fileID: -8679921383154817045, guid: 7c453776926fd0246a8066839354c337, type: 3}
      propertyPath: m_LocalPosition.z
      value: -9.999218
      objectReference: {fileID: 0}
    - target: {fileID: -8679921383154817045, guid: 7c453776926fd0246a8066839354c337, type: 3}
      propertyPath: m_LocalRotation.w
      value: 1
      objectReference: {fileID: 0}
    - target: {fileID: -8679921383154817045, guid: 7c453776926fd0246a8066839354c337, type: 3}
      propertyPath: m_LocalRotation.x
      value: -0
      objectReference: {fileID: 0}
    - target: {fileID: -8679921383154817045, guid: 7c453776926fd0246a8066839354c337, type: 3}
      propertyPath: m_LocalRotation.y
      value: -0
      objectReference: {fileID: 0}
    - target: {fileID: -8679921383154817045, guid: 7c453776926fd0246a8066839354c337, type: 3}
      propertyPath: m_LocalRotation.z
      value: -0
      objectReference: {fileID: 0}
    - target: {fileID: -8679921383154817045, guid: 7c453776926fd0246a8066839354c337, type: 3}
      propertyPath: m_LocalEulerAnglesHint.x
      value: 0
      objectReference: {fileID: 0}
    - target: {fileID: -8679921383154817045, guid: 7c453776926fd0246a8066839354c337, type: 3}
      propertyPath: m_LocalEulerAnglesHint.y
      value: 0
      objectReference: {fileID: 0}
    - target: {fileID: -8679921383154817045, guid: 7c453776926fd0246a8066839354c337, type: 3}
      propertyPath: m_LocalEulerAnglesHint.z
      value: 0
      objectReference: {fileID: 0}
    - target: {fileID: 919132149155446097, guid: 7c453776926fd0246a8066839354c337, type: 3}
      propertyPath: m_Name
      value: 04
      objectReference: {fileID: 0}
    m_RemovedComponents: []
  m_SourcePrefab: {fileID: 100100000, guid: 7c453776926fd0246a8066839354c337, type: 3}
--- !u!4 &418347227430717447 stripped
Transform:
  m_CorrespondingSourceObject: {fileID: -8679921383154817045, guid: 7c453776926fd0246a8066839354c337, type: 3}
  m_PrefabInstance: {fileID: 163534673416974316}
  m_PrefabAsset: {fileID: 0}
--- !u!23 &1550760316283450216 stripped
MeshRenderer:
  m_CorrespondingSourceObject: {fileID: -7511558181221131132, guid: 7c453776926fd0246a8066839354c337, type: 3}
  m_PrefabInstance: {fileID: 163534673416974316}
  m_PrefabAsset: {fileID: 0}
--- !u!1001 &1147915591510848204
PrefabInstance:
  m_ObjectHideFlags: 0
  serializedVersion: 2
  m_Modification:
    m_TransformParent: {fileID: 1806415034637574257}
    m_Modifications:
    - target: {fileID: 1725693144960609726, guid: e84914d5c4bda264a9e13cf0b98562b9, type: 3}
      propertyPath: m_Name
      value: tree_02 (3)
      objectReference: {fileID: 0}
    - target: {fileID: 2069743130034599684, guid: e84914d5c4bda264a9e13cf0b98562b9, type: 3}
      propertyPath: m_RootOrder
      value: 15
      objectReference: {fileID: 0}
    - target: {fileID: 2069743130034599684, guid: e84914d5c4bda264a9e13cf0b98562b9, type: 3}
      propertyPath: m_LocalScale.x
      value: 1.9951501
      objectReference: {fileID: 0}
    - target: {fileID: 2069743130034599684, guid: e84914d5c4bda264a9e13cf0b98562b9, type: 3}
      propertyPath: m_LocalScale.y
      value: 1.9951501
      objectReference: {fileID: 0}
    - target: {fileID: 2069743130034599684, guid: e84914d5c4bda264a9e13cf0b98562b9, type: 3}
      propertyPath: m_LocalScale.z
      value: 1.9951501
      objectReference: {fileID: 0}
    - target: {fileID: 2069743130034599684, guid: e84914d5c4bda264a9e13cf0b98562b9, type: 3}
      propertyPath: m_LocalPosition.x
      value: 9.93
      objectReference: {fileID: 0}
    - target: {fileID: 2069743130034599684, guid: e84914d5c4bda264a9e13cf0b98562b9, type: 3}
      propertyPath: m_LocalPosition.y
      value: 0.07
      objectReference: {fileID: 0}
    - target: {fileID: 2069743130034599684, guid: e84914d5c4bda264a9e13cf0b98562b9, type: 3}
      propertyPath: m_LocalPosition.z
      value: -9.18
      objectReference: {fileID: 0}
    - target: {fileID: 2069743130034599684, guid: e84914d5c4bda264a9e13cf0b98562b9, type: 3}
      propertyPath: m_LocalRotation.w
      value: 1
      objectReference: {fileID: 0}
    - target: {fileID: 2069743130034599684, guid: e84914d5c4bda264a9e13cf0b98562b9, type: 3}
      propertyPath: m_LocalRotation.x
      value: 0
      objectReference: {fileID: 0}
    - target: {fileID: 2069743130034599684, guid: e84914d5c4bda264a9e13cf0b98562b9, type: 3}
      propertyPath: m_LocalRotation.y
      value: -0
      objectReference: {fileID: 0}
    - target: {fileID: 2069743130034599684, guid: e84914d5c4bda264a9e13cf0b98562b9, type: 3}
      propertyPath: m_LocalRotation.z
      value: -0
      objectReference: {fileID: 0}
    - target: {fileID: 2069743130034599684, guid: e84914d5c4bda264a9e13cf0b98562b9, type: 3}
      propertyPath: m_LocalEulerAnglesHint.x
      value: 0
      objectReference: {fileID: 0}
    - target: {fileID: 2069743130034599684, guid: e84914d5c4bda264a9e13cf0b98562b9, type: 3}
      propertyPath: m_LocalEulerAnglesHint.y
      value: 0
      objectReference: {fileID: 0}
    - target: {fileID: 2069743130034599684, guid: e84914d5c4bda264a9e13cf0b98562b9, type: 3}
      propertyPath: m_LocalEulerAnglesHint.z
      value: 0
      objectReference: {fileID: 0}
    m_RemovedComponents: []
  m_SourcePrefab: {fileID: 100100000, guid: e84914d5c4bda264a9e13cf0b98562b9, type: 3}
--- !u!4 &1393586248104707528 stripped
Transform:
  m_CorrespondingSourceObject: {fileID: 2069743130034599684, guid: e84914d5c4bda264a9e13cf0b98562b9, type: 3}
  m_PrefabInstance: {fileID: 1147915591510848204}
  m_PrefabAsset: {fileID: 0}
--- !u!1001 &1157504517004141404
PrefabInstance:
  m_ObjectHideFlags: 0
  serializedVersion: 2
  m_Modification:
    m_TransformParent: {fileID: 1806415034637574257}
    m_Modifications:
    - target: {fileID: 524959825953110585, guid: c9bc042ce7c03b1488b1a30560df7c47, type: 3}
      propertyPath: m_Name
      value: tree_03 (4)
      objectReference: {fileID: 0}
    - target: {fileID: 865492134251815043, guid: c9bc042ce7c03b1488b1a30560df7c47, type: 3}
      propertyPath: m_RootOrder
      value: 22
      objectReference: {fileID: 0}
    - target: {fileID: 865492134251815043, guid: c9bc042ce7c03b1488b1a30560df7c47, type: 3}
      propertyPath: m_LocalScale.x
      value: 2.0985
      objectReference: {fileID: 0}
    - target: {fileID: 865492134251815043, guid: c9bc042ce7c03b1488b1a30560df7c47, type: 3}
      propertyPath: m_LocalScale.y
      value: 2.0985
      objectReference: {fileID: 0}
    - target: {fileID: 865492134251815043, guid: c9bc042ce7c03b1488b1a30560df7c47, type: 3}
      propertyPath: m_LocalScale.z
      value: 2.0985
      objectReference: {fileID: 0}
    - target: {fileID: 865492134251815043, guid: c9bc042ce7c03b1488b1a30560df7c47, type: 3}
      propertyPath: m_LocalPosition.x
      value: 16.48
      objectReference: {fileID: 0}
    - target: {fileID: 865492134251815043, guid: c9bc042ce7c03b1488b1a30560df7c47, type: 3}
      propertyPath: m_LocalPosition.y
      value: 0.39
      objectReference: {fileID: 0}
    - target: {fileID: 865492134251815043, guid: c9bc042ce7c03b1488b1a30560df7c47, type: 3}
      propertyPath: m_LocalPosition.z
      value: -9.2
      objectReference: {fileID: 0}
    - target: {fileID: 865492134251815043, guid: c9bc042ce7c03b1488b1a30560df7c47, type: 3}
      propertyPath: m_LocalRotation.w
      value: 1
      objectReference: {fileID: 0}
    - target: {fileID: 865492134251815043, guid: c9bc042ce7c03b1488b1a30560df7c47, type: 3}
      propertyPath: m_LocalRotation.x
      value: 0
      objectReference: {fileID: 0}
    - target: {fileID: 865492134251815043, guid: c9bc042ce7c03b1488b1a30560df7c47, type: 3}
      propertyPath: m_LocalRotation.y
      value: -0
      objectReference: {fileID: 0}
    - target: {fileID: 865492134251815043, guid: c9bc042ce7c03b1488b1a30560df7c47, type: 3}
      propertyPath: m_LocalRotation.z
      value: -0
      objectReference: {fileID: 0}
    - target: {fileID: 865492134251815043, guid: c9bc042ce7c03b1488b1a30560df7c47, type: 3}
      propertyPath: m_LocalEulerAnglesHint.x
      value: 0
      objectReference: {fileID: 0}
    - target: {fileID: 865492134251815043, guid: c9bc042ce7c03b1488b1a30560df7c47, type: 3}
      propertyPath: m_LocalEulerAnglesHint.y
      value: 0
      objectReference: {fileID: 0}
    - target: {fileID: 865492134251815043, guid: c9bc042ce7c03b1488b1a30560df7c47, type: 3}
      propertyPath: m_LocalEulerAnglesHint.z
      value: 0
      objectReference: {fileID: 0}
    m_RemovedComponents: []
  m_SourcePrefab: {fileID: 100100000, guid: c9bc042ce7c03b1488b1a30560df7c47, type: 3}
--- !u!4 &2022838315610817503 stripped
Transform:
  m_CorrespondingSourceObject: {fileID: 865492134251815043, guid: c9bc042ce7c03b1488b1a30560df7c47, type: 3}
  m_PrefabInstance: {fileID: 1157504517004141404}
  m_PrefabAsset: {fileID: 0}
--- !u!1001 &1673408002329915742
PrefabInstance:
  m_ObjectHideFlags: 0
  serializedVersion: 2
  m_Modification:
    m_TransformParent: {fileID: 1806415034637574257}
    m_Modifications:
    - target: {fileID: 7064853084874571370, guid: cea369f0de69faf438aa344c93f60908, type: 3}
      propertyPath: m_Name
      value: tree_01
      objectReference: {fileID: 0}
    - target: {fileID: 7584262843683644624, guid: cea369f0de69faf438aa344c93f60908, type: 3}
      propertyPath: m_RootOrder
      value: 5
      objectReference: {fileID: 0}
    - target: {fileID: 7584262843683644624, guid: cea369f0de69faf438aa344c93f60908, type: 3}
      propertyPath: m_LocalScale.y
      value: 1.5
      objectReference: {fileID: 0}
    - target: {fileID: 7584262843683644624, guid: cea369f0de69faf438aa344c93f60908, type: 3}
      propertyPath: m_LocalPosition.x
      value: 5.1
      objectReference: {fileID: 0}
    - target: {fileID: 7584262843683644624, guid: cea369f0de69faf438aa344c93f60908, type: 3}
      propertyPath: m_LocalPosition.y
      value: 0.09
      objectReference: {fileID: 0}
    - target: {fileID: 7584262843683644624, guid: cea369f0de69faf438aa344c93f60908, type: 3}
      propertyPath: m_LocalPosition.z
      value: 0.58
      objectReference: {fileID: 0}
    - target: {fileID: 7584262843683644624, guid: cea369f0de69faf438aa344c93f60908, type: 3}
      propertyPath: m_LocalRotation.w
      value: 0.81754106
      objectReference: {fileID: 0}
    - target: {fileID: 7584262843683644624, guid: cea369f0de69faf438aa344c93f60908, type: 3}
      propertyPath: m_LocalRotation.x
      value: -0
      objectReference: {fileID: 0}
    - target: {fileID: 7584262843683644624, guid: cea369f0de69faf438aa344c93f60908, type: 3}
      propertyPath: m_LocalRotation.y
      value: -0.57587034
      objectReference: {fileID: 0}
    - target: {fileID: 7584262843683644624, guid: cea369f0de69faf438aa344c93f60908, type: 3}
      propertyPath: m_LocalRotation.z
      value: -0
      objectReference: {fileID: 0}
    - target: {fileID: 7584262843683644624, guid: cea369f0de69faf438aa344c93f60908, type: 3}
      propertyPath: m_LocalEulerAnglesHint.x
      value: 0
      objectReference: {fileID: 0}
    - target: {fileID: 7584262843683644624, guid: cea369f0de69faf438aa344c93f60908, type: 3}
      propertyPath: m_LocalEulerAnglesHint.y
      value: -70.321
      objectReference: {fileID: 0}
    - target: {fileID: 7584262843683644624, guid: cea369f0de69faf438aa344c93f60908, type: 3}
      propertyPath: m_LocalEulerAnglesHint.z
      value: 0
      objectReference: {fileID: 0}
    m_RemovedComponents: []
  m_SourcePrefab: {fileID: 100100000, guid: cea369f0de69faf438aa344c93f60908, type: 3}
--- !u!4 &9113479602652485006 stripped
Transform:
  m_CorrespondingSourceObject: {fileID: 7584262843683644624, guid: cea369f0de69faf438aa344c93f60908, type: 3}
  m_PrefabInstance: {fileID: 1673408002329915742}
  m_PrefabAsset: {fileID: 0}
--- !u!1001 &2056026694289898540
PrefabInstance:
  m_ObjectHideFlags: 0
  serializedVersion: 2
  m_Modification:
    m_TransformParent: {fileID: 1806415034637574257}
    m_Modifications:
    - target: {fileID: 7064853084874571370, guid: cea369f0de69faf438aa344c93f60908, type: 3}
      propertyPath: m_Name
      value: tree_01 (4)
      objectReference: {fileID: 0}
    - target: {fileID: 7584262843683644624, guid: cea369f0de69faf438aa344c93f60908, type: 3}
      propertyPath: m_RootOrder
      value: 23
      objectReference: {fileID: 0}
    - target: {fileID: 7584262843683644624, guid: cea369f0de69faf438aa344c93f60908, type: 3}
      propertyPath: m_LocalScale.x
      value: 2.8167646
      objectReference: {fileID: 0}
    - target: {fileID: 7584262843683644624, guid: cea369f0de69faf438aa344c93f60908, type: 3}
      propertyPath: m_LocalScale.y
      value: 4.225147
      objectReference: {fileID: 0}
    - target: {fileID: 7584262843683644624, guid: cea369f0de69faf438aa344c93f60908, type: 3}
      propertyPath: m_LocalScale.z
      value: 2.8167646
      objectReference: {fileID: 0}
    - target: {fileID: 7584262843683644624, guid: cea369f0de69faf438aa344c93f60908, type: 3}
      propertyPath: m_LocalPosition.x
      value: 17.27
      objectReference: {fileID: 0}
    - target: {fileID: 7584262843683644624, guid: cea369f0de69faf438aa344c93f60908, type: 3}
      propertyPath: m_LocalPosition.y
      value: 0.2799999
      objectReference: {fileID: 0}
    - target: {fileID: 7584262843683644624, guid: cea369f0de69faf438aa344c93f60908, type: 3}
      propertyPath: m_LocalPosition.z
      value: 1.21
      objectReference: {fileID: 0}
    - target: {fileID: 7584262843683644624, guid: cea369f0de69faf438aa344c93f60908, type: 3}
      propertyPath: m_LocalRotation.w
      value: 0.27383548
      objectReference: {fileID: 0}
    - target: {fileID: 7584262843683644624, guid: cea369f0de69faf438aa344c93f60908, type: 3}
      propertyPath: m_LocalRotation.x
      value: -0
      objectReference: {fileID: 0}
    - target: {fileID: 7584262843683644624, guid: cea369f0de69faf438aa344c93f60908, type: 3}
      propertyPath: m_LocalRotation.y
      value: 0.96177655
      objectReference: {fileID: 0}
    - target: {fileID: 7584262843683644624, guid: cea369f0de69faf438aa344c93f60908, type: 3}
      propertyPath: m_LocalRotation.z
      value: -0
      objectReference: {fileID: 0}
    - target: {fileID: 7584262843683644624, guid: cea369f0de69faf438aa344c93f60908, type: 3}
      propertyPath: m_LocalEulerAnglesHint.x
      value: 0
      objectReference: {fileID: 0}
    - target: {fileID: 7584262843683644624, guid: cea369f0de69faf438aa344c93f60908, type: 3}
      propertyPath: m_LocalEulerAnglesHint.y
      value: 148.215
      objectReference: {fileID: 0}
    - target: {fileID: 7584262843683644624, guid: cea369f0de69faf438aa344c93f60908, type: 3}
      propertyPath: m_LocalEulerAnglesHint.z
      value: 0
      objectReference: {fileID: 0}
    m_RemovedComponents: []
  m_SourcePrefab: {fileID: 100100000, guid: cea369f0de69faf438aa344c93f60908, type: 3}
--- !u!4 &8487261908723538172 stripped
Transform:
  m_CorrespondingSourceObject: {fileID: 7584262843683644624, guid: cea369f0de69faf438aa344c93f60908, type: 3}
  m_PrefabInstance: {fileID: 2056026694289898540}
  m_PrefabAsset: {fileID: 0}
--- !u!1001 &2697298182407287381
PrefabInstance:
  m_ObjectHideFlags: 0
  serializedVersion: 2
  m_Modification:
    m_TransformParent: {fileID: 1806415034637574257}
    m_Modifications:
    - target: {fileID: -8679921383154817045, guid: deb29f0565cb5194d95eda5d84f28774, type: 3}
      propertyPath: m_RootOrder
      value: 1
      objectReference: {fileID: 0}
    - target: {fileID: -8679921383154817045, guid: deb29f0565cb5194d95eda5d84f28774, type: 3}
      propertyPath: m_LocalScale.x
      value: 0.3
      objectReference: {fileID: 0}
    - target: {fileID: -8679921383154817045, guid: deb29f0565cb5194d95eda5d84f28774, type: 3}
      propertyPath: m_LocalScale.y
      value: 0.2
      objectReference: {fileID: 0}
    - target: {fileID: -8679921383154817045, guid: deb29f0565cb5194d95eda5d84f28774, type: 3}
      propertyPath: m_LocalScale.z
      value: 0.37499705
      objectReference: {fileID: 0}
    - target: {fileID: -8679921383154817045, guid: deb29f0565cb5194d95eda5d84f28774, type: 3}
      propertyPath: m_LocalPosition.x
      value: 4.03
      objectReference: {fileID: 0}
    - target: {fileID: -8679921383154817045, guid: deb29f0565cb5194d95eda5d84f28774, type: 3}
      propertyPath: m_LocalPosition.y
      value: -0.16
      objectReference: {fileID: 0}
    - target: {fileID: -8679921383154817045, guid: deb29f0565cb5194d95eda5d84f28774, type: 3}
      propertyPath: m_LocalPosition.z
      value: 0.0132
      objectReference: {fileID: 0}
    - target: {fileID: -8679921383154817045, guid: deb29f0565cb5194d95eda5d84f28774, type: 3}
      propertyPath: m_LocalRotation.w
      value: 1
      objectReference: {fileID: 0}
    - target: {fileID: -8679921383154817045, guid: deb29f0565cb5194d95eda5d84f28774, type: 3}
      propertyPath: m_LocalRotation.x
      value: -0
      objectReference: {fileID: 0}
    - target: {fileID: -8679921383154817045, guid: deb29f0565cb5194d95eda5d84f28774, type: 3}
      propertyPath: m_LocalRotation.y
      value: -0
      objectReference: {fileID: 0}
    - target: {fileID: -8679921383154817045, guid: deb29f0565cb5194d95eda5d84f28774, type: 3}
      propertyPath: m_LocalRotation.z
      value: -0
      objectReference: {fileID: 0}
    - target: {fileID: -8679921383154817045, guid: deb29f0565cb5194d95eda5d84f28774, type: 3}
      propertyPath: m_LocalEulerAnglesHint.x
      value: 0
      objectReference: {fileID: 0}
    - target: {fileID: -8679921383154817045, guid: deb29f0565cb5194d95eda5d84f28774, type: 3}
      propertyPath: m_LocalEulerAnglesHint.y
      value: 0
      objectReference: {fileID: 0}
    - target: {fileID: -8679921383154817045, guid: deb29f0565cb5194d95eda5d84f28774, type: 3}
      propertyPath: m_LocalEulerAnglesHint.z
      value: 0
      objectReference: {fileID: 0}
    - target: {fileID: 919132149155446097, guid: deb29f0565cb5194d95eda5d84f28774, type: 3}
      propertyPath: m_Name
      value: Left
      objectReference: {fileID: 0}
    - target: {fileID: 919132149155446097, guid: deb29f0565cb5194d95eda5d84f28774, type: 3}
      propertyPath: m_IsActive
      value: 0
      objectReference: {fileID: 0}
    m_RemovedComponents: []
  m_SourcePrefab: {fileID: 100100000, guid: deb29f0565cb5194d95eda5d84f28774, type: 3}
--- !u!4 &2514137904617100734 stripped
Transform:
  m_CorrespondingSourceObject: {fileID: -8679921383154817045, guid: deb29f0565cb5194d95eda5d84f28774, type: 3}
  m_PrefabInstance: {fileID: 2697298182407287381}
  m_PrefabAsset: {fileID: 0}
--- !u!1001 &3229824665862042951
PrefabInstance:
  m_ObjectHideFlags: 0
  serializedVersion: 2
  m_Modification:
    m_TransformParent: {fileID: 1806415034637574257}
    m_Modifications:
    - target: {fileID: -8679921383154817045, guid: 557908e85a3c2084a9d98ccc94a2e0af, type: 3}
      propertyPath: m_RootOrder
      value: 19
      objectReference: {fileID: 0}
    - target: {fileID: -8679921383154817045, guid: 557908e85a3c2084a9d98ccc94a2e0af, type: 3}
      propertyPath: m_LocalScale.x
      value: 0.3
      objectReference: {fileID: 0}
    - target: {fileID: -8679921383154817045, guid: 557908e85a3c2084a9d98ccc94a2e0af, type: 3}
      propertyPath: m_LocalScale.y
      value: 0.157376
      objectReference: {fileID: 0}
    - target: {fileID: -8679921383154817045, guid: 557908e85a3c2084a9d98ccc94a2e0af, type: 3}
      propertyPath: m_LocalScale.z
      value: 0.37499705
      objectReference: {fileID: 0}
    - target: {fileID: -8679921383154817045, guid: 557908e85a3c2084a9d98ccc94a2e0af, type: 3}
      propertyPath: m_LocalPosition.x
      value: 15.674879
      objectReference: {fileID: 0}
    - target: {fileID: -8679921383154817045, guid: 557908e85a3c2084a9d98ccc94a2e0af, type: 3}
      propertyPath: m_LocalPosition.y
      value: -0.5
      objectReference: {fileID: 0}
    - target: {fileID: -8679921383154817045, guid: 557908e85a3c2084a9d98ccc94a2e0af, type: 3}
      propertyPath: m_LocalPosition.z
      value: 0.0132
      objectReference: {fileID: 0}
    - target: {fileID: -8679921383154817045, guid: 557908e85a3c2084a9d98ccc94a2e0af, type: 3}
      propertyPath: m_LocalRotation.w
      value: 1
      objectReference: {fileID: 0}
    - target: {fileID: -8679921383154817045, guid: 557908e85a3c2084a9d98ccc94a2e0af, type: 3}
      propertyPath: m_LocalRotation.x
      value: -0
      objectReference: {fileID: 0}
    - target: {fileID: -8679921383154817045, guid: 557908e85a3c2084a9d98ccc94a2e0af, type: 3}
      propertyPath: m_LocalRotation.y
      value: -0
      objectReference: {fileID: 0}
    - target: {fileID: -8679921383154817045, guid: 557908e85a3c2084a9d98ccc94a2e0af, type: 3}
      propertyPath: m_LocalRotation.z
      value: -0
      objectReference: {fileID: 0}
    - target: {fileID: -8679921383154817045, guid: 557908e85a3c2084a9d98ccc94a2e0af, type: 3}
      propertyPath: m_LocalEulerAnglesHint.x
      value: 0
      objectReference: {fileID: 0}
    - target: {fileID: -8679921383154817045, guid: 557908e85a3c2084a9d98ccc94a2e0af, type: 3}
      propertyPath: m_LocalEulerAnglesHint.y
      value: 0
      objectReference: {fileID: 0}
    - target: {fileID: -8679921383154817045, guid: 557908e85a3c2084a9d98ccc94a2e0af, type: 3}
      propertyPath: m_LocalEulerAnglesHint.z
      value: 0
      objectReference: {fileID: 0}
    - target: {fileID: 919132149155446097, guid: 557908e85a3c2084a9d98ccc94a2e0af, type: 3}
      propertyPath: m_Name
      value: left02 (1)
      objectReference: {fileID: 0}
    m_RemovedComponents: []
  m_SourcePrefab: {fileID: 100100000, guid: 557908e85a3c2084a9d98ccc94a2e0af, type: 3}
--- !u!4 &3123278324747276972 stripped
Transform:
  m_CorrespondingSourceObject: {fileID: -8679921383154817045, guid: 557908e85a3c2084a9d98ccc94a2e0af, type: 3}
  m_PrefabInstance: {fileID: 3229824665862042951}
  m_PrefabAsset: {fileID: 0}
--- !u!1001 &3391367016105365850
PrefabInstance:
  m_ObjectHideFlags: 0
  serializedVersion: 2
  m_Modification:
    m_TransformParent: {fileID: 1806415034637574257}
    m_Modifications:
    - target: {fileID: -8679921383154817045, guid: 557908e85a3c2084a9d98ccc94a2e0af, type: 3}
      propertyPath: m_RootOrder
      value: 4
      objectReference: {fileID: 0}
    - target: {fileID: -8679921383154817045, guid: 557908e85a3c2084a9d98ccc94a2e0af, type: 3}
      propertyPath: m_LocalScale.x
      value: 0.3
      objectReference: {fileID: 0}
    - target: {fileID: -8679921383154817045, guid: 557908e85a3c2084a9d98ccc94a2e0af, type: 3}
      propertyPath: m_LocalScale.y
      value: 0.2
      objectReference: {fileID: 0}
    - target: {fileID: -8679921383154817045, guid: 557908e85a3c2084a9d98ccc94a2e0af, type: 3}
      propertyPath: m_LocalScale.z
      value: 0.37499705
      objectReference: {fileID: 0}
    - target: {fileID: -8679921383154817045, guid: 557908e85a3c2084a9d98ccc94a2e0af, type: 3}
      propertyPath: m_LocalPosition.x
      value: 4.03
      objectReference: {fileID: 0}
    - target: {fileID: -8679921383154817045, guid: 557908e85a3c2084a9d98ccc94a2e0af, type: 3}
      propertyPath: m_LocalPosition.y
      value: -0.5
      objectReference: {fileID: 0}
    - target: {fileID: -8679921383154817045, guid: 557908e85a3c2084a9d98ccc94a2e0af, type: 3}
      propertyPath: m_LocalPosition.z
      value: 0.0132
      objectReference: {fileID: 0}
    - target: {fileID: -8679921383154817045, guid: 557908e85a3c2084a9d98ccc94a2e0af, type: 3}
      propertyPath: m_LocalRotation.w
      value: 1
      objectReference: {fileID: 0}
    - target: {fileID: -8679921383154817045, guid: 557908e85a3c2084a9d98ccc94a2e0af, type: 3}
      propertyPath: m_LocalRotation.x
      value: -0
      objectReference: {fileID: 0}
    - target: {fileID: -8679921383154817045, guid: 557908e85a3c2084a9d98ccc94a2e0af, type: 3}
      propertyPath: m_LocalRotation.y
      value: -0
      objectReference: {fileID: 0}
    - target: {fileID: -8679921383154817045, guid: 557908e85a3c2084a9d98ccc94a2e0af, type: 3}
      propertyPath: m_LocalRotation.z
      value: -0
      objectReference: {fileID: 0}
    - target: {fileID: -8679921383154817045, guid: 557908e85a3c2084a9d98ccc94a2e0af, type: 3}
      propertyPath: m_LocalEulerAnglesHint.x
      value: 0
      objectReference: {fileID: 0}
    - target: {fileID: -8679921383154817045, guid: 557908e85a3c2084a9d98ccc94a2e0af, type: 3}
      propertyPath: m_LocalEulerAnglesHint.y
      value: 0
      objectReference: {fileID: 0}
    - target: {fileID: -8679921383154817045, guid: 557908e85a3c2084a9d98ccc94a2e0af, type: 3}
      propertyPath: m_LocalEulerAnglesHint.z
      value: 0
      objectReference: {fileID: 0}
    - target: {fileID: 919132149155446097, guid: 557908e85a3c2084a9d98ccc94a2e0af, type: 3}
      propertyPath: m_Name
      value: left02
      objectReference: {fileID: 0}
    m_RemovedComponents: []
  m_SourcePrefab: {fileID: 100100000, guid: 557908e85a3c2084a9d98ccc94a2e0af, type: 3}
--- !u!4 &2925711554065381041 stripped
Transform:
  m_CorrespondingSourceObject: {fileID: -8679921383154817045, guid: 557908e85a3c2084a9d98ccc94a2e0af, type: 3}
  m_PrefabInstance: {fileID: 3391367016105365850}
  m_PrefabAsset: {fileID: 0}
--- !u!1001 &4270459633607121056
PrefabInstance:
  m_ObjectHideFlags: 0
  serializedVersion: 2
  m_Modification:
    m_TransformParent: {fileID: 1806415034637574257}
    m_Modifications:
    - target: {fileID: 1725693144960609726, guid: e84914d5c4bda264a9e13cf0b98562b9, type: 3}
      propertyPath: m_Name
      value: tree_02 (1)
      objectReference: {fileID: 0}
    - target: {fileID: 2069743130034599684, guid: e84914d5c4bda264a9e13cf0b98562b9, type: 3}
      propertyPath: m_RootOrder
      value: 9
      objectReference: {fileID: 0}
    - target: {fileID: 2069743130034599684, guid: e84914d5c4bda264a9e13cf0b98562b9, type: 3}
      propertyPath: m_LocalScale.y
      value: 1.5
      objectReference: {fileID: 0}
    - target: {fileID: 2069743130034599684, guid: e84914d5c4bda264a9e13cf0b98562b9, type: 3}
      propertyPath: m_LocalPosition.x
      value: 10.769545
      objectReference: {fileID: 0}
    - target: {fileID: 2069743130034599684, guid: e84914d5c4bda264a9e13cf0b98562b9, type: 3}
      propertyPath: m_LocalPosition.y
      value: 0.06999987
      objectReference: {fileID: 0}
    - target: {fileID: 2069743130034599684, guid: e84914d5c4bda264a9e13cf0b98562b9, type: 3}
      propertyPath: m_LocalPosition.z
      value: -1.1732638
      objectReference: {fileID: 0}
    - target: {fileID: 2069743130034599684, guid: e84914d5c4bda264a9e13cf0b98562b9, type: 3}
      propertyPath: m_LocalRotation.w
      value: 0.67073095
      objectReference: {fileID: 0}
    - target: {fileID: 2069743130034599684, guid: e84914d5c4bda264a9e13cf0b98562b9, type: 3}
      propertyPath: m_LocalRotation.x
      value: -0
      objectReference: {fileID: 0}
    - target: {fileID: 2069743130034599684, guid: e84914d5c4bda264a9e13cf0b98562b9, type: 3}
      propertyPath: m_LocalRotation.y
      value: 0.7417008
      objectReference: {fileID: 0}
    - target: {fileID: 2069743130034599684, guid: e84914d5c4bda264a9e13cf0b98562b9, type: 3}
      propertyPath: m_LocalRotation.z
      value: -0
      objectReference: {fileID: 0}
    - target: {fileID: 2069743130034599684, guid: e84914d5c4bda264a9e13cf0b98562b9, type: 3}
      propertyPath: m_LocalEulerAnglesHint.x
      value: 0
      objectReference: {fileID: 0}
    - target: {fileID: 2069743130034599684, guid: e84914d5c4bda264a9e13cf0b98562b9, type: 3}
      propertyPath: m_LocalEulerAnglesHint.y
      value: 95.753
      objectReference: {fileID: 0}
    - target: {fileID: 2069743130034599684, guid: e84914d5c4bda264a9e13cf0b98562b9, type: 3}
      propertyPath: m_LocalEulerAnglesHint.z
      value: 0
      objectReference: {fileID: 0}
    m_RemovedComponents: []
  m_SourcePrefab: {fileID: 100100000, guid: e84914d5c4bda264a9e13cf0b98562b9, type: 3}
--- !u!4 &2880768843734085540 stripped
Transform:
  m_CorrespondingSourceObject: {fileID: 2069743130034599684, guid: e84914d5c4bda264a9e13cf0b98562b9, type: 3}
  m_PrefabInstance: {fileID: 4270459633607121056}
  m_PrefabAsset: {fileID: 0}
--- !u!1001 &4357544318835320052
PrefabInstance:
  m_ObjectHideFlags: 0
  serializedVersion: 2
  m_Modification:
    m_TransformParent: {fileID: 1806415034637574257}
    m_Modifications:
    - target: {fileID: 7064853084874571370, guid: cea369f0de69faf438aa344c93f60908, type: 3}
      propertyPath: m_Name
      value: tree_01 (1)
      objectReference: {fileID: 0}
    - target: {fileID: 7584262843683644624, guid: cea369f0de69faf438aa344c93f60908, type: 3}
      propertyPath: m_RootOrder
      value: 8
      objectReference: {fileID: 0}
    - target: {fileID: 7584262843683644624, guid: cea369f0de69faf438aa344c93f60908, type: 3}
      propertyPath: m_LocalScale.y
      value: 2
      objectReference: {fileID: 0}
    - target: {fileID: 7584262843683644624, guid: cea369f0de69faf438aa344c93f60908, type: 3}
      propertyPath: m_LocalPosition.x
      value: 9.17
      objectReference: {fileID: 0}
    - target: {fileID: 7584262843683644624, guid: cea369f0de69faf438aa344c93f60908, type: 3}
      propertyPath: m_LocalPosition.y
      value: 0.49
      objectReference: {fileID: 0}
    - target: {fileID: 7584262843683644624, guid: cea369f0de69faf438aa344c93f60908, type: 3}
      propertyPath: m_LocalPosition.z
      value: 1.2
      objectReference: {fileID: 0}
    - target: {fileID: 7584262843683644624, guid: cea369f0de69faf438aa344c93f60908, type: 3}
      propertyPath: m_LocalRotation.w
      value: 1
      objectReference: {fileID: 0}
    - target: {fileID: 7584262843683644624, guid: cea369f0de69faf438aa344c93f60908, type: 3}
      propertyPath: m_LocalRotation.x
      value: 0
      objectReference: {fileID: 0}
    - target: {fileID: 7584262843683644624, guid: cea369f0de69faf438aa344c93f60908, type: 3}
      propertyPath: m_LocalRotation.y
      value: -0
      objectReference: {fileID: 0}
    - target: {fileID: 7584262843683644624, guid: cea369f0de69faf438aa344c93f60908, type: 3}
      propertyPath: m_LocalRotation.z
      value: -0
      objectReference: {fileID: 0}
    - target: {fileID: 7584262843683644624, guid: cea369f0de69faf438aa344c93f60908, type: 3}
      propertyPath: m_LocalEulerAnglesHint.x
      value: 0
      objectReference: {fileID: 0}
    - target: {fileID: 7584262843683644624, guid: cea369f0de69faf438aa344c93f60908, type: 3}
      propertyPath: m_LocalEulerAnglesHint.y
      value: 0
      objectReference: {fileID: 0}
    - target: {fileID: 7584262843683644624, guid: cea369f0de69faf438aa344c93f60908, type: 3}
      propertyPath: m_LocalEulerAnglesHint.z
      value: 0
      objectReference: {fileID: 0}
    m_RemovedComponents: []
  m_SourcePrefab: {fileID: 100100000, guid: cea369f0de69faf438aa344c93f60908, type: 3}
--- !u!4 &6141130499831513124 stripped
Transform:
  m_CorrespondingSourceObject: {fileID: 7584262843683644624, guid: cea369f0de69faf438aa344c93f60908, type: 3}
  m_PrefabInstance: {fileID: 4357544318835320052}
  m_PrefabAsset: {fileID: 0}
--- !u!1001 &4850701771367239448
PrefabInstance:
  m_ObjectHideFlags: 0
  serializedVersion: 2
  m_Modification:
    m_TransformParent: {fileID: 1806415034637574257}
    m_Modifications:
    - target: {fileID: 524959825953110585, guid: c9bc042ce7c03b1488b1a30560df7c47, type: 3}
      propertyPath: m_Name
      value: tree_03 (2)
      objectReference: {fileID: 0}
    - target: {fileID: 865492134251815043, guid: c9bc042ce7c03b1488b1a30560df7c47, type: 3}
      propertyPath: m_RootOrder
      value: 13
      objectReference: {fileID: 0}
    - target: {fileID: 865492134251815043, guid: c9bc042ce7c03b1488b1a30560df7c47, type: 3}
      propertyPath: m_LocalScale.x
      value: 1.5
      objectReference: {fileID: 0}
    - target: {fileID: 865492134251815043, guid: c9bc042ce7c03b1488b1a30560df7c47, type: 3}
      propertyPath: m_LocalScale.y
      value: 1.5
      objectReference: {fileID: 0}
    - target: {fileID: 865492134251815043, guid: c9bc042ce7c03b1488b1a30560df7c47, type: 3}
      propertyPath: m_LocalScale.z
      value: 1.5
      objectReference: {fileID: 0}
    - target: {fileID: 865492134251815043, guid: c9bc042ce7c03b1488b1a30560df7c47, type: 3}
      propertyPath: m_LocalPosition.x
      value: 13.2
      objectReference: {fileID: 0}
    - target: {fileID: 865492134251815043, guid: c9bc042ce7c03b1488b1a30560df7c47, type: 3}
      propertyPath: m_LocalPosition.y
      value: 0.39
      objectReference: {fileID: 0}
    - target: {fileID: 865492134251815043, guid: c9bc042ce7c03b1488b1a30560df7c47, type: 3}
      propertyPath: m_LocalPosition.z
      value: -5.44
      objectReference: {fileID: 0}
    - target: {fileID: 865492134251815043, guid: c9bc042ce7c03b1488b1a30560df7c47, type: 3}
      propertyPath: m_LocalRotation.w
      value: 1
      objectReference: {fileID: 0}
    - target: {fileID: 865492134251815043, guid: c9bc042ce7c03b1488b1a30560df7c47, type: 3}
      propertyPath: m_LocalRotation.x
      value: 0
      objectReference: {fileID: 0}
    - target: {fileID: 865492134251815043, guid: c9bc042ce7c03b1488b1a30560df7c47, type: 3}
      propertyPath: m_LocalRotation.y
      value: -0
      objectReference: {fileID: 0}
    - target: {fileID: 865492134251815043, guid: c9bc042ce7c03b1488b1a30560df7c47, type: 3}
      propertyPath: m_LocalRotation.z
      value: -0
      objectReference: {fileID: 0}
    - target: {fileID: 865492134251815043, guid: c9bc042ce7c03b1488b1a30560df7c47, type: 3}
      propertyPath: m_LocalEulerAnglesHint.x
      value: 0
      objectReference: {fileID: 0}
    - target: {fileID: 865492134251815043, guid: c9bc042ce7c03b1488b1a30560df7c47, type: 3}
      propertyPath: m_LocalEulerAnglesHint.y
      value: 0
      objectReference: {fileID: 0}
    - target: {fileID: 865492134251815043, guid: c9bc042ce7c03b1488b1a30560df7c47, type: 3}
      propertyPath: m_LocalEulerAnglesHint.z
      value: 0
      objectReference: {fileID: 0}
    m_RemovedComponents: []
  m_SourcePrefab: {fileID: 100100000, guid: c9bc042ce7c03b1488b1a30560df7c47, type: 3}
--- !u!4 &5716192784038932379 stripped
Transform:
  m_CorrespondingSourceObject: {fileID: 865492134251815043, guid: c9bc042ce7c03b1488b1a30560df7c47, type: 3}
  m_PrefabInstance: {fileID: 4850701771367239448}
  m_PrefabAsset: {fileID: 0}
--- !u!1001 &4943376906093637561
PrefabInstance:
  m_ObjectHideFlags: 0
  serializedVersion: 2
  m_Modification:
    m_TransformParent: {fileID: 1806415034637574257}
    m_Modifications:
    - target: {fileID: 524959825953110585, guid: c9bc042ce7c03b1488b1a30560df7c47, type: 3}
      propertyPath: m_Name
      value: tree_03 (1)
      objectReference: {fileID: 0}
    - target: {fileID: 865492134251815043, guid: c9bc042ce7c03b1488b1a30560df7c47, type: 3}
      propertyPath: m_RootOrder
      value: 10
      objectReference: {fileID: 0}
    - target: {fileID: 865492134251815043, guid: c9bc042ce7c03b1488b1a30560df7c47, type: 3}
      propertyPath: m_LocalScale.x
      value: 1.46892
      objectReference: {fileID: 0}
    - target: {fileID: 865492134251815043, guid: c9bc042ce7c03b1488b1a30560df7c47, type: 3}
      propertyPath: m_LocalScale.y
      value: 1.46892
      objectReference: {fileID: 0}
    - target: {fileID: 865492134251815043, guid: c9bc042ce7c03b1488b1a30560df7c47, type: 3}
      propertyPath: m_LocalScale.z
      value: 1.46892
      objectReference: {fileID: 0}
    - target: {fileID: 865492134251815043, guid: c9bc042ce7c03b1488b1a30560df7c47, type: 3}
      propertyPath: m_LocalPosition.x
      value: 7.31
      objectReference: {fileID: 0}
    - target: {fileID: 865492134251815043, guid: c9bc042ce7c03b1488b1a30560df7c47, type: 3}
      propertyPath: m_LocalPosition.y
      value: 0.19
      objectReference: {fileID: 0}
    - target: {fileID: 865492134251815043, guid: c9bc042ce7c03b1488b1a30560df7c47, type: 3}
      propertyPath: m_LocalPosition.z
      value: -2.45
      objectReference: {fileID: 0}
    - target: {fileID: 865492134251815043, guid: c9bc042ce7c03b1488b1a30560df7c47, type: 3}
      propertyPath: m_LocalRotation.w
      value: 1
      objectReference: {fileID: 0}
    - target: {fileID: 865492134251815043, guid: c9bc042ce7c03b1488b1a30560df7c47, type: 3}
      propertyPath: m_LocalRotation.x
      value: 0
      objectReference: {fileID: 0}
    - target: {fileID: 865492134251815043, guid: c9bc042ce7c03b1488b1a30560df7c47, type: 3}
      propertyPath: m_LocalRotation.y
      value: -0
      objectReference: {fileID: 0}
    - target: {fileID: 865492134251815043, guid: c9bc042ce7c03b1488b1a30560df7c47, type: 3}
      propertyPath: m_LocalRotation.z
      value: -0
      objectReference: {fileID: 0}
    - target: {fileID: 865492134251815043, guid: c9bc042ce7c03b1488b1a30560df7c47, type: 3}
      propertyPath: m_LocalEulerAnglesHint.x
      value: 0
      objectReference: {fileID: 0}
    - target: {fileID: 865492134251815043, guid: c9bc042ce7c03b1488b1a30560df7c47, type: 3}
      propertyPath: m_LocalEulerAnglesHint.y
      value: 0
      objectReference: {fileID: 0}
    - target: {fileID: 865492134251815043, guid: c9bc042ce7c03b1488b1a30560df7c47, type: 3}
      propertyPath: m_LocalEulerAnglesHint.z
      value: 0
      objectReference: {fileID: 0}
    m_RemovedComponents: []
  m_SourcePrefab: {fileID: 100100000, guid: c9bc042ce7c03b1488b1a30560df7c47, type: 3}
--- !u!4 &5231141628616232762 stripped
Transform:
  m_CorrespondingSourceObject: {fileID: 865492134251815043, guid: c9bc042ce7c03b1488b1a30560df7c47, type: 3}
  m_PrefabInstance: {fileID: 4943376906093637561}
  m_PrefabAsset: {fileID: 0}
--- !u!1001 &5108607530638828400
PrefabInstance:
  m_ObjectHideFlags: 0
  serializedVersion: 2
  m_Modification:
    m_TransformParent: {fileID: 1806415034637574257}
    m_Modifications:
    - target: {fileID: -8679921383154817045, guid: deb29f0565cb5194d95eda5d84f28774, type: 3}
      propertyPath: m_RootOrder
      value: 0
      objectReference: {fileID: 0}
    - target: {fileID: -8679921383154817045, guid: deb29f0565cb5194d95eda5d84f28774, type: 3}
      propertyPath: m_LocalScale.x
      value: 0.3
      objectReference: {fileID: 0}
    - target: {fileID: -8679921383154817045, guid: deb29f0565cb5194d95eda5d84f28774, type: 3}
      propertyPath: m_LocalScale.y
      value: 0.2
      objectReference: {fileID: 0}
    - target: {fileID: -8679921383154817045, guid: deb29f0565cb5194d95eda5d84f28774, type: 3}
      propertyPath: m_LocalScale.z
      value: 0.37499705
      objectReference: {fileID: 0}
    - target: {fileID: -8679921383154817045, guid: deb29f0565cb5194d95eda5d84f28774, type: 3}
      propertyPath: m_LocalPosition.x
      value: -12.72
      objectReference: {fileID: 0}
    - target: {fileID: -8679921383154817045, guid: deb29f0565cb5194d95eda5d84f28774, type: 3}
      propertyPath: m_LocalPosition.y
      value: -0.45000002
      objectReference: {fileID: 0}
    - target: {fileID: -8679921383154817045, guid: deb29f0565cb5194d95eda5d84f28774, type: 3}
      propertyPath: m_LocalPosition.z
      value: 0.0132
      objectReference: {fileID: 0}
    - target: {fileID: -8679921383154817045, guid: deb29f0565cb5194d95eda5d84f28774, type: 3}
      propertyPath: m_LocalRotation.w
      value: 1
      objectReference: {fileID: 0}
    - target: {fileID: -8679921383154817045, guid: deb29f0565cb5194d95eda5d84f28774, type: 3}
      propertyPath: m_LocalRotation.x
      value: -0
      objectReference: {fileID: 0}
    - target: {fileID: -8679921383154817045, guid: deb29f0565cb5194d95eda5d84f28774, type: 3}
      propertyPath: m_LocalRotation.y
      value: -0
      objectReference: {fileID: 0}
    - target: {fileID: -8679921383154817045, guid: deb29f0565cb5194d95eda5d84f28774, type: 3}
      propertyPath: m_LocalRotation.z
      value: -0
      objectReference: {fileID: 0}
    - target: {fileID: -8679921383154817045, guid: deb29f0565cb5194d95eda5d84f28774, type: 3}
      propertyPath: m_LocalEulerAnglesHint.x
      value: 0
      objectReference: {fileID: 0}
    - target: {fileID: -8679921383154817045, guid: deb29f0565cb5194d95eda5d84f28774, type: 3}
      propertyPath: m_LocalEulerAnglesHint.y
      value: 0
      objectReference: {fileID: 0}
    - target: {fileID: -8679921383154817045, guid: deb29f0565cb5194d95eda5d84f28774, type: 3}
      propertyPath: m_LocalEulerAnglesHint.z
      value: 0
      objectReference: {fileID: 0}
    - target: {fileID: 919132149155446097, guid: deb29f0565cb5194d95eda5d84f28774, type: 3}
      propertyPath: m_Name
      value: Right
      objectReference: {fileID: 0}
    m_RemovedComponents: []
  m_SourcePrefab: {fileID: 100100000, guid: deb29f0565cb5194d95eda5d84f28774, type: 3}
--- !u!4 &4715218262221227163 stripped
Transform:
  m_CorrespondingSourceObject: {fileID: -8679921383154817045, guid: deb29f0565cb5194d95eda5d84f28774, type: 3}
  m_PrefabInstance: {fileID: 5108607530638828400}
  m_PrefabAsset: {fileID: 0}
--- !u!1001 &5130321722108403893
PrefabInstance:
  m_ObjectHideFlags: 0
  serializedVersion: 2
  m_Modification:
    m_TransformParent: {fileID: 1806415034637574257}
    m_Modifications:
    - target: {fileID: 7064853084874571370, guid: cea369f0de69faf438aa344c93f60908, type: 3}
      propertyPath: m_Name
      value: tree_01 (2)
      objectReference: {fileID: 0}
    - target: {fileID: 7584262843683644624, guid: cea369f0de69faf438aa344c93f60908, type: 3}
      propertyPath: m_RootOrder
      value: 11
      objectReference: {fileID: 0}
    - target: {fileID: 7584262843683644624, guid: cea369f0de69faf438aa344c93f60908, type: 3}
      propertyPath: m_LocalScale.x
      value: 1.5
      objectReference: {fileID: 0}
    - target: {fileID: 7584262843683644624, guid: cea369f0de69faf438aa344c93f60908, type: 3}
      propertyPath: m_LocalScale.y
      value: 1.5
      objectReference: {fileID: 0}
    - target: {fileID: 7584262843683644624, guid: cea369f0de69faf438aa344c93f60908, type: 3}
      propertyPath: m_LocalScale.z
      value: 1.5
      objectReference: {fileID: 0}
    - target: {fileID: 7584262843683644624, guid: cea369f0de69faf438aa344c93f60908, type: 3}
      propertyPath: m_LocalPosition.x
      value: 5.0300007
      objectReference: {fileID: 0}
    - target: {fileID: 7584262843683644624, guid: cea369f0de69faf438aa344c93f60908, type: 3}
      propertyPath: m_LocalPosition.y
      value: -0.31
      objectReference: {fileID: 0}
    - target: {fileID: 7584262843683644624, guid: cea369f0de69faf438aa344c93f60908, type: 3}
      propertyPath: m_LocalPosition.z
      value: -7.36
      objectReference: {fileID: 0}
    - target: {fileID: 7584262843683644624, guid: cea369f0de69faf438aa344c93f60908, type: 3}
      propertyPath: m_LocalRotation.w
      value: 1
      objectReference: {fileID: 0}
    - target: {fileID: 7584262843683644624, guid: cea369f0de69faf438aa344c93f60908, type: 3}
      propertyPath: m_LocalRotation.x
      value: 0
      objectReference: {fileID: 0}
    - target: {fileID: 7584262843683644624, guid: cea369f0de69faf438aa344c93f60908, type: 3}
      propertyPath: m_LocalRotation.y
      value: -0
      objectReference: {fileID: 0}
    - target: {fileID: 7584262843683644624, guid: cea369f0de69faf438aa344c93f60908, type: 3}
      propertyPath: m_LocalRotation.z
      value: -0
      objectReference: {fileID: 0}
    - target: {fileID: 7584262843683644624, guid: cea369f0de69faf438aa344c93f60908, type: 3}
      propertyPath: m_LocalEulerAnglesHint.x
      value: 0
      objectReference: {fileID: 0}
    - target: {fileID: 7584262843683644624, guid: cea369f0de69faf438aa344c93f60908, type: 3}
      propertyPath: m_LocalEulerAnglesHint.y
      value: 0
      objectReference: {fileID: 0}
    - target: {fileID: 7584262843683644624, guid: cea369f0de69faf438aa344c93f60908, type: 3}
      propertyPath: m_LocalEulerAnglesHint.z
      value: 0
      objectReference: {fileID: 0}
    m_RemovedComponents: []
  m_SourcePrefab: {fileID: 100100000, guid: cea369f0de69faf438aa344c93f60908, type: 3}
--- !u!4 &3346780024358880357 stripped
Transform:
  m_CorrespondingSourceObject: {fileID: 7584262843683644624, guid: cea369f0de69faf438aa344c93f60908, type: 3}
  m_PrefabInstance: {fileID: 5130321722108403893}
  m_PrefabAsset: {fileID: 0}
--- !u!1001 &5217934461748317320
PrefabInstance:
  m_ObjectHideFlags: 0
  serializedVersion: 2
  m_Modification:
    m_TransformParent: {fileID: 1806415034637574257}
    m_Modifications:
    - target: {fileID: 524959825953110585, guid: c9bc042ce7c03b1488b1a30560df7c47, type: 3}
      propertyPath: m_Name
      value: tree_03 (3)
      objectReference: {fileID: 0}
    - target: {fileID: 865492134251815043, guid: c9bc042ce7c03b1488b1a30560df7c47, type: 3}
      propertyPath: m_RootOrder
      value: 16
      objectReference: {fileID: 0}
    - target: {fileID: 865492134251815043, guid: c9bc042ce7c03b1488b1a30560df7c47, type: 3}
      propertyPath: m_LocalScale.x
      value: 1.2241
      objectReference: {fileID: 0}
    - target: {fileID: 865492134251815043, guid: c9bc042ce7c03b1488b1a30560df7c47, type: 3}
      propertyPath: m_LocalScale.y
      value: 1.8361499
      objectReference: {fileID: 0}
    - target: {fileID: 865492134251815043, guid: c9bc042ce7c03b1488b1a30560df7c47, type: 3}
      propertyPath: m_LocalScale.z
      value: 1.2241
      objectReference: {fileID: 0}
    - target: {fileID: 865492134251815043, guid: c9bc042ce7c03b1488b1a30560df7c47, type: 3}
      propertyPath: m_LocalPosition.x
      value: 7.14
      objectReference: {fileID: 0}
    - target: {fileID: 865492134251815043, guid: c9bc042ce7c03b1488b1a30560df7c47, type: 3}
      propertyPath: m_LocalPosition.y
      value: 0.33999997
      objectReference: {fileID: 0}
    - target: {fileID: 865492134251815043, guid: c9bc042ce7c03b1488b1a30560df7c47, type: 3}
      propertyPath: m_LocalPosition.z
      value: -11.55
      objectReference: {fileID: 0}
    - target: {fileID: 865492134251815043, guid: c9bc042ce7c03b1488b1a30560df7c47, type: 3}
      propertyPath: m_LocalRotation.w
      value: 0.99326515
      objectReference: {fileID: 0}
    - target: {fileID: 865492134251815043, guid: c9bc042ce7c03b1488b1a30560df7c47, type: 3}
      propertyPath: m_LocalRotation.x
      value: -0
      objectReference: {fileID: 0}
    - target: {fileID: 865492134251815043, guid: c9bc042ce7c03b1488b1a30560df7c47, type: 3}
      propertyPath: m_LocalRotation.y
      value: -0.115864076
      objectReference: {fileID: 0}
    - target: {fileID: 865492134251815043, guid: c9bc042ce7c03b1488b1a30560df7c47, type: 3}
      propertyPath: m_LocalRotation.z
      value: -0
      objectReference: {fileID: 0}
    - target: {fileID: 865492134251815043, guid: c9bc042ce7c03b1488b1a30560df7c47, type: 3}
      propertyPath: m_LocalEulerAnglesHint.x
      value: 0
      objectReference: {fileID: 0}
    - target: {fileID: 865492134251815043, guid: c9bc042ce7c03b1488b1a30560df7c47, type: 3}
      propertyPath: m_LocalEulerAnglesHint.y
      value: -13.307
      objectReference: {fileID: 0}
    - target: {fileID: 865492134251815043, guid: c9bc042ce7c03b1488b1a30560df7c47, type: 3}
      propertyPath: m_LocalEulerAnglesHint.z
      value: 0
      objectReference: {fileID: 0}
    m_RemovedComponents: []
  m_SourcePrefab: {fileID: 100100000, guid: c9bc042ce7c03b1488b1a30560df7c47, type: 3}
--- !u!4 &4930046577805782027 stripped
Transform:
  m_CorrespondingSourceObject: {fileID: 865492134251815043, guid: c9bc042ce7c03b1488b1a30560df7c47, type: 3}
  m_PrefabInstance: {fileID: 5217934461748317320}
  m_PrefabAsset: {fileID: 0}
--- !u!1001 &5643515405240175951
PrefabInstance:
  m_ObjectHideFlags: 0
  serializedVersion: 2
  m_Modification:
    m_TransformParent: {fileID: 1806415034637574257}
    m_Modifications:
    - target: {fileID: 7064853084874571370, guid: cea369f0de69faf438aa344c93f60908, type: 3}
      propertyPath: m_Name
      value: tree_01 (3)
      objectReference: {fileID: 0}
    - target: {fileID: 7584262843683644624, guid: cea369f0de69faf438aa344c93f60908, type: 3}
      propertyPath: m_RootOrder
      value: 14
      objectReference: {fileID: 0}
    - target: {fileID: 7584262843683644624, guid: cea369f0de69faf438aa344c93f60908, type: 3}
      propertyPath: m_LocalScale.y
      value: 1.5
      objectReference: {fileID: 0}
    - target: {fileID: 7584262843683644624, guid: cea369f0de69faf438aa344c93f60908, type: 3}
      propertyPath: m_LocalPosition.x
      value: 10.21
      objectReference: {fileID: 0}
    - target: {fileID: 7584262843683644624, guid: cea369f0de69faf438aa344c93f60908, type: 3}
      propertyPath: m_LocalPosition.y
      value: 0.2799999
      objectReference: {fileID: 0}
    - target: {fileID: 7584262843683644624, guid: cea369f0de69faf438aa344c93f60908, type: 3}
      propertyPath: m_LocalPosition.z
      value: -4.38
      objectReference: {fileID: 0}
    - target: {fileID: 7584262843683644624, guid: cea369f0de69faf438aa344c93f60908, type: 3}
      propertyPath: m_LocalRotation.w
      value: 0.27383548
      objectReference: {fileID: 0}
    - target: {fileID: 7584262843683644624, guid: cea369f0de69faf438aa344c93f60908, type: 3}
      propertyPath: m_LocalRotation.x
      value: -0
      objectReference: {fileID: 0}
    - target: {fileID: 7584262843683644624, guid: cea369f0de69faf438aa344c93f60908, type: 3}
      propertyPath: m_LocalRotation.y
      value: 0.96177655
      objectReference: {fileID: 0}
    - target: {fileID: 7584262843683644624, guid: cea369f0de69faf438aa344c93f60908, type: 3}
      propertyPath: m_LocalRotation.z
      value: -0
      objectReference: {fileID: 0}
    - target: {fileID: 7584262843683644624, guid: cea369f0de69faf438aa344c93f60908, type: 3}
      propertyPath: m_LocalEulerAnglesHint.x
      value: 0
      objectReference: {fileID: 0}
    - target: {fileID: 7584262843683644624, guid: cea369f0de69faf438aa344c93f60908, type: 3}
      propertyPath: m_LocalEulerAnglesHint.y
      value: 148.215
      objectReference: {fileID: 0}
    - target: {fileID: 7584262843683644624, guid: cea369f0de69faf438aa344c93f60908, type: 3}
      propertyPath: m_LocalEulerAnglesHint.z
      value: 0
      objectReference: {fileID: 0}
    m_RemovedComponents: []
  m_SourcePrefab: {fileID: 100100000, guid: cea369f0de69faf438aa344c93f60908, type: 3}
--- !u!4 &2815169247120730527 stripped
Transform:
  m_CorrespondingSourceObject: {fileID: 7584262843683644624, guid: cea369f0de69faf438aa344c93f60908, type: 3}
  m_PrefabInstance: {fileID: 5643515405240175951}
  m_PrefabAsset: {fileID: 0}
--- !u!1001 &5666411033182561301
PrefabInstance:
  m_ObjectHideFlags: 0
  serializedVersion: 2
  m_Modification:
    m_TransformParent: {fileID: 1806415034637574257}
    m_Modifications:
    - target: {fileID: 1725693144960609726, guid: e84914d5c4bda264a9e13cf0b98562b9, type: 3}
      propertyPath: m_Name
      value: tree_02 (2)
      objectReference: {fileID: 0}
    - target: {fileID: 2069743130034599684, guid: e84914d5c4bda264a9e13cf0b98562b9, type: 3}
      propertyPath: m_RootOrder
      value: 12
      objectReference: {fileID: 0}
    - target: {fileID: 2069743130034599684, guid: e84914d5c4bda264a9e13cf0b98562b9, type: 3}
      propertyPath: m_LocalScale.y
      value: 1
      objectReference: {fileID: 0}
    - target: {fileID: 2069743130034599684, guid: e84914d5c4bda264a9e13cf0b98562b9, type: 3}
      propertyPath: m_LocalPosition.x
      value: 5.28
      objectReference: {fileID: 0}
    - target: {fileID: 2069743130034599684, guid: e84914d5c4bda264a9e13cf0b98562b9, type: 3}
      propertyPath: m_LocalPosition.y
      value: -0.16
      objectReference: {fileID: 0}
    - target: {fileID: 2069743130034599684, guid: e84914d5c4bda264a9e13cf0b98562b9, type: 3}
      propertyPath: m_LocalPosition.z
      value: -4.69
      objectReference: {fileID: 0}
    - target: {fileID: 2069743130034599684, guid: e84914d5c4bda264a9e13cf0b98562b9, type: 3}
      propertyPath: m_LocalRotation.w
      value: 0.7923023
      objectReference: {fileID: 0}
    - target: {fileID: 2069743130034599684, guid: e84914d5c4bda264a9e13cf0b98562b9, type: 3}
      propertyPath: m_LocalRotation.x
      value: -0
      objectReference: {fileID: 0}
    - target: {fileID: 2069743130034599684, guid: e84914d5c4bda264a9e13cf0b98562b9, type: 3}
      propertyPath: m_LocalRotation.y
      value: 0.61012876
      objectReference: {fileID: 0}
    - target: {fileID: 2069743130034599684, guid: e84914d5c4bda264a9e13cf0b98562b9, type: 3}
      propertyPath: m_LocalRotation.z
      value: -0
      objectReference: {fileID: 0}
    - target: {fileID: 2069743130034599684, guid: e84914d5c4bda264a9e13cf0b98562b9, type: 3}
      propertyPath: m_LocalEulerAnglesHint.x
      value: 0
      objectReference: {fileID: 0}
    - target: {fileID: 2069743130034599684, guid: e84914d5c4bda264a9e13cf0b98562b9, type: 3}
      propertyPath: m_LocalEulerAnglesHint.y
      value: 75.198
      objectReference: {fileID: 0}
    - target: {fileID: 2069743130034599684, guid: e84914d5c4bda264a9e13cf0b98562b9, type: 3}
      propertyPath: m_LocalEulerAnglesHint.z
      value: 0
      objectReference: {fileID: 0}
    m_RemovedComponents: []
  m_SourcePrefab: {fileID: 100100000, guid: e84914d5c4bda264a9e13cf0b98562b9, type: 3}
--- !u!4 &5916066045306016529 stripped
Transform:
  m_CorrespondingSourceObject: {fileID: 2069743130034599684, guid: e84914d5c4bda264a9e13cf0b98562b9, type: 3}
  m_PrefabInstance: {fileID: 5666411033182561301}
  m_PrefabAsset: {fileID: 0}
--- !u!1001 &5715835211091018673
PrefabInstance:
  m_ObjectHideFlags: 0
  serializedVersion: 2
  m_Modification:
    m_TransformParent: {fileID: 1806415034637574257}
    m_Modifications:
    - target: {fileID: 1725693144960609726, guid: e84914d5c4bda264a9e13cf0b98562b9, type: 3}
      propertyPath: m_Name
      value: tree_02 (4)
      objectReference: {fileID: 0}
    - target: {fileID: 2069743130034599684, guid: e84914d5c4bda264a9e13cf0b98562b9, type: 3}
      propertyPath: m_RootOrder
      value: 17
      objectReference: {fileID: 0}
    - target: {fileID: 2069743130034599684, guid: e84914d5c4bda264a9e13cf0b98562b9, type: 3}
      propertyPath: m_LocalScale.x
      value: 0.48964
      objectReference: {fileID: 0}
    - target: {fileID: 2069743130034599684, guid: e84914d5c4bda264a9e13cf0b98562b9, type: 3}
      propertyPath: m_LocalScale.y
      value: 0.73446
      objectReference: {fileID: 0}
    - target: {fileID: 2069743130034599684, guid: e84914d5c4bda264a9e13cf0b98562b9, type: 3}
      propertyPath: m_LocalScale.z
      value: 0.48964
      objectReference: {fileID: 0}
    - target: {fileID: 2069743130034599684, guid: e84914d5c4bda264a9e13cf0b98562b9, type: 3}
      propertyPath: m_LocalPosition.x
      value: 4.6332107
      objectReference: {fileID: 0}
    - target: {fileID: 2069743130034599684, guid: e84914d5c4bda264a9e13cf0b98562b9, type: 3}
      propertyPath: m_LocalPosition.y
      value: -0.142
      objectReference: {fileID: 0}
    - target: {fileID: 2069743130034599684, guid: e84914d5c4bda264a9e13cf0b98562b9, type: 3}
      propertyPath: m_LocalPosition.z
      value: -13.186136
      objectReference: {fileID: 0}
    - target: {fileID: 2069743130034599684, guid: e84914d5c4bda264a9e13cf0b98562b9, type: 3}
      propertyPath: m_LocalRotation.w
      value: 0.9019954
      objectReference: {fileID: 0}
    - target: {fileID: 2069743130034599684, guid: e84914d5c4bda264a9e13cf0b98562b9, type: 3}
      propertyPath: m_LocalRotation.x
      value: -0
      objectReference: {fileID: 0}
    - target: {fileID: 2069743130034599684, guid: e84914d5c4bda264a9e13cf0b98562b9, type: 3}
      propertyPath: m_LocalRotation.y
      value: 0.43174568
      objectReference: {fileID: 0}
    - target: {fileID: 2069743130034599684, guid: e84914d5c4bda264a9e13cf0b98562b9, type: 3}
      propertyPath: m_LocalRotation.z
      value: -0
      objectReference: {fileID: 0}
    - target: {fileID: 2069743130034599684, guid: e84914d5c4bda264a9e13cf0b98562b9, type: 3}
      propertyPath: m_LocalEulerAnglesHint.x
      value: 0
      objectReference: {fileID: 0}
    - target: {fileID: 2069743130034599684, guid: e84914d5c4bda264a9e13cf0b98562b9, type: 3}
      propertyPath: m_LocalEulerAnglesHint.y
      value: 51.157
      objectReference: {fileID: 0}
    - target: {fileID: 2069743130034599684, guid: e84914d5c4bda264a9e13cf0b98562b9, type: 3}
      propertyPath: m_LocalEulerAnglesHint.z
      value: 0
      objectReference: {fileID: 0}
    m_RemovedComponents: []
  m_SourcePrefab: {fileID: 100100000, guid: e84914d5c4bda264a9e13cf0b98562b9, type: 3}
--- !u!4 &6047082772357739701 stripped
Transform:
  m_CorrespondingSourceObject: {fileID: 2069743130034599684, guid: e84914d5c4bda264a9e13cf0b98562b9, type: 3}
  m_PrefabInstance: {fileID: 5715835211091018673}
  m_PrefabAsset: {fileID: 0}
--- !u!1001 &5766362151890333386
PrefabInstance:
  m_ObjectHideFlags: 0
  serializedVersion: 2
  m_Modification:
    m_TransformParent: {fileID: 1806415034637574257}
    m_Modifications:
    - target: {fileID: 1725693144960609726, guid: e84914d5c4bda264a9e13cf0b98562b9, type: 3}
      propertyPath: m_Name
      value: tree_02 (5)
      objectReference: {fileID: 0}
    - target: {fileID: 2069743130034599684, guid: e84914d5c4bda264a9e13cf0b98562b9, type: 3}
      propertyPath: m_RootOrder
      value: 24
      objectReference: {fileID: 0}
    - target: {fileID: 2069743130034599684, guid: e84914d5c4bda264a9e13cf0b98562b9, type: 3}
      propertyPath: m_LocalScale.x
      value: 3.102966
      objectReference: {fileID: 0}
    - target: {fileID: 2069743130034599684, guid: e84914d5c4bda264a9e13cf0b98562b9, type: 3}
      propertyPath: m_LocalScale.y
      value: 3.102966
      objectReference: {fileID: 0}
    - target: {fileID: 2069743130034599684, guid: e84914d5c4bda264a9e13cf0b98562b9, type: 3}
      propertyPath: m_LocalScale.z
      value: 3.102966
      objectReference: {fileID: 0}
    - target: {fileID: 2069743130034599684, guid: e84914d5c4bda264a9e13cf0b98562b9, type: 3}
      propertyPath: m_LocalPosition.x
      value: 23.95
      objectReference: {fileID: 0}
    - target: {fileID: 2069743130034599684, guid: e84914d5c4bda264a9e13cf0b98562b9, type: 3}
      propertyPath: m_LocalPosition.y
      value: 0.07
      objectReference: {fileID: 0}
    - target: {fileID: 2069743130034599684, guid: e84914d5c4bda264a9e13cf0b98562b9, type: 3}
      propertyPath: m_LocalPosition.z
      value: -0.95
      objectReference: {fileID: 0}
    - target: {fileID: 2069743130034599684, guid: e84914d5c4bda264a9e13cf0b98562b9, type: 3}
      propertyPath: m_LocalRotation.w
      value: 1
      objectReference: {fileID: 0}
    - target: {fileID: 2069743130034599684, guid: e84914d5c4bda264a9e13cf0b98562b9, type: 3}
      propertyPath: m_LocalRotation.x
      value: 0
      objectReference: {fileID: 0}
    - target: {fileID: 2069743130034599684, guid: e84914d5c4bda264a9e13cf0b98562b9, type: 3}
      propertyPath: m_LocalRotation.y
      value: -0
      objectReference: {fileID: 0}
    - target: {fileID: 2069743130034599684, guid: e84914d5c4bda264a9e13cf0b98562b9, type: 3}
      propertyPath: m_LocalRotation.z
      value: -0
      objectReference: {fileID: 0}
    - target: {fileID: 2069743130034599684, guid: e84914d5c4bda264a9e13cf0b98562b9, type: 3}
      propertyPath: m_LocalEulerAnglesHint.x
      value: 0
      objectReference: {fileID: 0}
    - target: {fileID: 2069743130034599684, guid: e84914d5c4bda264a9e13cf0b98562b9, type: 3}
      propertyPath: m_LocalEulerAnglesHint.y
      value: 0
      objectReference: {fileID: 0}
    - target: {fileID: 2069743130034599684, guid: e84914d5c4bda264a9e13cf0b98562b9, type: 3}
      propertyPath: m_LocalEulerAnglesHint.z
      value: 0
      objectReference: {fileID: 0}
    m_RemovedComponents: []
  m_SourcePrefab: {fileID: 100100000, guid: e84914d5c4bda264a9e13cf0b98562b9, type: 3}
--- !u!4 &5530156160980244942 stripped
Transform:
  m_CorrespondingSourceObject: {fileID: 2069743130034599684, guid: e84914d5c4bda264a9e13cf0b98562b9, type: 3}
  m_PrefabInstance: {fileID: 5766362151890333386}
  m_PrefabAsset: {fileID: 0}
--- !u!1001 &6047461327596809866
PrefabInstance:
  m_ObjectHideFlags: 0
  serializedVersion: 2
  m_Modification:
    m_TransformParent: {fileID: 1806415034637574257}
    m_Modifications:
    - target: {fileID: 524959825953110585, guid: c9bc042ce7c03b1488b1a30560df7c47, type: 3}
      propertyPath: m_Name
      value: tree_03
      objectReference: {fileID: 0}
    - target: {fileID: 865492134251815043, guid: c9bc042ce7c03b1488b1a30560df7c47, type: 3}
      propertyPath: m_RootOrder
      value: 7
      objectReference: {fileID: 0}
    - target: {fileID: 865492134251815043, guid: c9bc042ce7c03b1488b1a30560df7c47, type: 3}
      propertyPath: m_LocalScale.x
      value: 1.5
      objectReference: {fileID: 0}
    - target: {fileID: 865492134251815043, guid: c9bc042ce7c03b1488b1a30560df7c47, type: 3}
      propertyPath: m_LocalScale.y
      value: 1.5
      objectReference: {fileID: 0}
    - target: {fileID: 865492134251815043, guid: c9bc042ce7c03b1488b1a30560df7c47, type: 3}
      propertyPath: m_LocalScale.z
      value: 1.5
      objectReference: {fileID: 0}
    - target: {fileID: 865492134251815043, guid: c9bc042ce7c03b1488b1a30560df7c47, type: 3}
      propertyPath: m_LocalPosition.x
      value: 13.29
      objectReference: {fileID: 0}
    - target: {fileID: 865492134251815043, guid: c9bc042ce7c03b1488b1a30560df7c47, type: 3}
      propertyPath: m_LocalPosition.y
      value: -0.040000007
      objectReference: {fileID: 0}
    - target: {fileID: 865492134251815043, guid: c9bc042ce7c03b1488b1a30560df7c47, type: 3}
      propertyPath: m_LocalPosition.z
      value: 1.23
      objectReference: {fileID: 0}
    - target: {fileID: 865492134251815043, guid: c9bc042ce7c03b1488b1a30560df7c47, type: 3}
      propertyPath: m_LocalRotation.w
      value: 1
      objectReference: {fileID: 0}
    - target: {fileID: 865492134251815043, guid: c9bc042ce7c03b1488b1a30560df7c47, type: 3}
      propertyPath: m_LocalRotation.x
      value: 0
      objectReference: {fileID: 0}
    - target: {fileID: 865492134251815043, guid: c9bc042ce7c03b1488b1a30560df7c47, type: 3}
      propertyPath: m_LocalRotation.y
      value: -0
      objectReference: {fileID: 0}
    - target: {fileID: 865492134251815043, guid: c9bc042ce7c03b1488b1a30560df7c47, type: 3}
      propertyPath: m_LocalRotation.z
      value: -0
      objectReference: {fileID: 0}
    - target: {fileID: 865492134251815043, guid: c9bc042ce7c03b1488b1a30560df7c47, type: 3}
      propertyPath: m_LocalEulerAnglesHint.x
      value: 0
      objectReference: {fileID: 0}
    - target: {fileID: 865492134251815043, guid: c9bc042ce7c03b1488b1a30560df7c47, type: 3}
      propertyPath: m_LocalEulerAnglesHint.y
      value: 0
      objectReference: {fileID: 0}
    - target: {fileID: 865492134251815043, guid: c9bc042ce7c03b1488b1a30560df7c47, type: 3}
      propertyPath: m_LocalEulerAnglesHint.z
      value: 0
      objectReference: {fileID: 0}
    m_RemovedComponents: []
  m_SourcePrefab: {fileID: 100100000, guid: c9bc042ce7c03b1488b1a30560df7c47, type: 3}
--- !u!4 &6912531248299150857 stripped
Transform:
  m_CorrespondingSourceObject: {fileID: 865492134251815043, guid: c9bc042ce7c03b1488b1a30560df7c47, type: 3}
  m_PrefabInstance: {fileID: 6047461327596809866}
  m_PrefabAsset: {fileID: 0}
--- !u!1001 &7031368727332590256
PrefabInstance:
  m_ObjectHideFlags: 0
  serializedVersion: 2
  m_Modification:
    m_TransformParent: {fileID: 1806415034637574257}
    m_Modifications:
    - target: {fileID: -8679921383154817045, guid: 5e4a75508b1e9174090f5d14988318d7, type: 3}
      propertyPath: m_RootOrder
      value: 18
      objectReference: {fileID: 0}
    - target: {fileID: -8679921383154817045, guid: 5e4a75508b1e9174090f5d14988318d7, type: 3}
      propertyPath: m_LocalScale.x
      value: 0.3
      objectReference: {fileID: 0}
    - target: {fileID: -8679921383154817045, guid: 5e4a75508b1e9174090f5d14988318d7, type: 3}
      propertyPath: m_LocalScale.y
      value: 0.157376
      objectReference: {fileID: 0}
    - target: {fileID: -8679921383154817045, guid: 5e4a75508b1e9174090f5d14988318d7, type: 3}
      propertyPath: m_LocalScale.z
      value: 0.37499705
      objectReference: {fileID: 0}
    - target: {fileID: -8679921383154817045, guid: 5e4a75508b1e9174090f5d14988318d7, type: 3}
      propertyPath: m_LocalPosition.x
      value: 15.674877
      objectReference: {fileID: 0}
    - target: {fileID: -8679921383154817045, guid: 5e4a75508b1e9174090f5d14988318d7, type: 3}
      propertyPath: m_LocalPosition.y
      value: -0.5
      objectReference: {fileID: 0}
    - target: {fileID: -8679921383154817045, guid: 5e4a75508b1e9174090f5d14988318d7, type: 3}
      propertyPath: m_LocalPosition.z
      value: -9.999218
      objectReference: {fileID: 0}
    - target: {fileID: -8679921383154817045, guid: 5e4a75508b1e9174090f5d14988318d7, type: 3}
      propertyPath: m_LocalRotation.w
      value: 1
      objectReference: {fileID: 0}
    - target: {fileID: -8679921383154817045, guid: 5e4a75508b1e9174090f5d14988318d7, type: 3}
      propertyPath: m_LocalRotation.x
      value: -0
      objectReference: {fileID: 0}
    - target: {fileID: -8679921383154817045, guid: 5e4a75508b1e9174090f5d14988318d7, type: 3}
      propertyPath: m_LocalRotation.y
      value: -0
      objectReference: {fileID: 0}
    - target: {fileID: -8679921383154817045, guid: 5e4a75508b1e9174090f5d14988318d7, type: 3}
      propertyPath: m_LocalRotation.z
      value: -0
      objectReference: {fileID: 0}
    - target: {fileID: -8679921383154817045, guid: 5e4a75508b1e9174090f5d14988318d7, type: 3}
      propertyPath: m_LocalEulerAnglesHint.x
      value: 0
      objectReference: {fileID: 0}
    - target: {fileID: -8679921383154817045, guid: 5e4a75508b1e9174090f5d14988318d7, type: 3}
      propertyPath: m_LocalEulerAnglesHint.y
      value: 0
      objectReference: {fileID: 0}
    - target: {fileID: -8679921383154817045, guid: 5e4a75508b1e9174090f5d14988318d7, type: 3}
      propertyPath: m_LocalEulerAnglesHint.z
      value: 0
      objectReference: {fileID: 0}
    - target: {fileID: 919132149155446097, guid: 5e4a75508b1e9174090f5d14988318d7, type: 3}
      propertyPath: m_Name
      value: 03 (1)
      objectReference: {fileID: 0}
    m_RemovedComponents: []
  m_SourcePrefab: {fileID: 100100000, guid: 5e4a75508b1e9174090f5d14988318d7, type: 3}
--- !u!23 &8526973512669302324 stripped
MeshRenderer:
  m_CorrespondingSourceObject: {fileID: -7511558181221131132, guid: 5e4a75508b1e9174090f5d14988318d7, type: 3}
  m_PrefabInstance: {fileID: 7031368727332590256}
  m_PrefabAsset: {fileID: 0}
--- !u!4 &7358540839234991451 stripped
Transform:
  m_CorrespondingSourceObject: {fileID: -8679921383154817045, guid: 5e4a75508b1e9174090f5d14988318d7, type: 3}
  m_PrefabInstance: {fileID: 7031368727332590256}
  m_PrefabAsset: {fileID: 0}
--- !u!1001 &7655500276844095718
PrefabInstance:
  m_ObjectHideFlags: 0
  serializedVersion: 2
  m_Modification:
    m_TransformParent: {fileID: 1806415034637574257}
    m_Modifications:
    - target: {fileID: -8679921383154817045, guid: 5e4a75508b1e9174090f5d14988318d7, type: 3}
      propertyPath: m_RootOrder
      value: 2
      objectReference: {fileID: 0}
    - target: {fileID: -8679921383154817045, guid: 5e4a75508b1e9174090f5d14988318d7, type: 3}
      propertyPath: m_LocalScale.x
      value: 0.3
      objectReference: {fileID: 0}
    - target: {fileID: -8679921383154817045, guid: 5e4a75508b1e9174090f5d14988318d7, type: 3}
      propertyPath: m_LocalScale.y
      value: 0.2
      objectReference: {fileID: 0}
    - target: {fileID: -8679921383154817045, guid: 5e4a75508b1e9174090f5d14988318d7, type: 3}
      propertyPath: m_LocalScale.z
      value: 0.37499705
      objectReference: {fileID: 0}
    - target: {fileID: -8679921383154817045, guid: 5e4a75508b1e9174090f5d14988318d7, type: 3}
      propertyPath: m_LocalPosition.x
      value: 4.0299993
      objectReference: {fileID: 0}
    - target: {fileID: -8679921383154817045, guid: 5e4a75508b1e9174090f5d14988318d7, type: 3}
      propertyPath: m_LocalPosition.y
      value: -0.5
      objectReference: {fileID: 0}
    - target: {fileID: -8679921383154817045, guid: 5e4a75508b1e9174090f5d14988318d7, type: 3}
      propertyPath: m_LocalPosition.z
      value: -9.999218
      objectReference: {fileID: 0}
    - target: {fileID: -8679921383154817045, guid: 5e4a75508b1e9174090f5d14988318d7, type: 3}
      propertyPath: m_LocalRotation.w
      value: 1
      objectReference: {fileID: 0}
    - target: {fileID: -8679921383154817045, guid: 5e4a75508b1e9174090f5d14988318d7, type: 3}
      propertyPath: m_LocalRotation.x
      value: -0
      objectReference: {fileID: 0}
    - target: {fileID: -8679921383154817045, guid: 5e4a75508b1e9174090f5d14988318d7, type: 3}
      propertyPath: m_LocalRotation.y
      value: -0
      objectReference: {fileID: 0}
    - target: {fileID: -8679921383154817045, guid: 5e4a75508b1e9174090f5d14988318d7, type: 3}
      propertyPath: m_LocalRotation.z
      value: -0
      objectReference: {fileID: 0}
    - target: {fileID: -8679921383154817045, guid: 5e4a75508b1e9174090f5d14988318d7, type: 3}
      propertyPath: m_LocalEulerAnglesHint.x
      value: 0
      objectReference: {fileID: 0}
    - target: {fileID: -8679921383154817045, guid: 5e4a75508b1e9174090f5d14988318d7, type: 3}
      propertyPath: m_LocalEulerAnglesHint.y
      value: 0
      objectReference: {fileID: 0}
    - target: {fileID: -8679921383154817045, guid: 5e4a75508b1e9174090f5d14988318d7, type: 3}
      propertyPath: m_LocalEulerAnglesHint.z
      value: 0
      objectReference: {fileID: 0}
    - target: {fileID: 919132149155446097, guid: 5e4a75508b1e9174090f5d14988318d7, type: 3}
      propertyPath: m_Name
      value: 03
      objectReference: {fileID: 0}
    m_RemovedComponents: []
  m_SourcePrefab: {fileID: 100100000, guid: 5e4a75508b1e9174090f5d14988318d7, type: 3}
--- !u!23 &9078229153862448226 stripped
MeshRenderer:
  m_CorrespondingSourceObject: {fileID: -7511558181221131132, guid: 5e4a75508b1e9174090f5d14988318d7, type: 3}
  m_PrefabInstance: {fileID: 7655500276844095718}
  m_PrefabAsset: {fileID: 0}
--- !u!4 &7905916921697996557 stripped
Transform:
  m_CorrespondingSourceObject: {fileID: -8679921383154817045, guid: 5e4a75508b1e9174090f5d14988318d7, type: 3}
  m_PrefabInstance: {fileID: 7655500276844095718}
  m_PrefabAsset: {fileID: 0}
--- !u!1001 &8931621390625565119
PrefabInstance:
  m_ObjectHideFlags: 0
  serializedVersion: 2
  m_Modification:
    m_TransformParent: {fileID: 1806415034637574257}
    m_Modifications:
    - target: {fileID: 1725693144960609726, guid: e84914d5c4bda264a9e13cf0b98562b9, type: 3}
      propertyPath: m_Name
      value: tree_02
      objectReference: {fileID: 0}
    - target: {fileID: 2069743130034599684, guid: e84914d5c4bda264a9e13cf0b98562b9, type: 3}
      propertyPath: m_RootOrder
      value: 6
      objectReference: {fileID: 0}
    - target: {fileID: 2069743130034599684, guid: e84914d5c4bda264a9e13cf0b98562b9, type: 3}
      propertyPath: m_LocalScale.y
      value: 1
      objectReference: {fileID: 0}
    - target: {fileID: 2069743130034599684, guid: e84914d5c4bda264a9e13cf0b98562b9, type: 3}
      propertyPath: m_LocalPosition.x
      value: 6.64
      objectReference: {fileID: 0}
    - target: {fileID: 2069743130034599684, guid: e84914d5c4bda264a9e13cf0b98562b9, type: 3}
      propertyPath: m_LocalPosition.y
      value: 0.06999999
      objectReference: {fileID: 0}
    - target: {fileID: 2069743130034599684, guid: e84914d5c4bda264a9e13cf0b98562b9, type: 3}
      propertyPath: m_LocalPosition.z
      value: 3.43
      objectReference: {fileID: 0}
    - target: {fileID: 2069743130034599684, guid: e84914d5c4bda264a9e13cf0b98562b9, type: 3}
      propertyPath: m_LocalRotation.w
      value: 1
      objectReference: {fileID: 0}
    - target: {fileID: 2069743130034599684, guid: e84914d5c4bda264a9e13cf0b98562b9, type: 3}
      propertyPath: m_LocalRotation.x
      value: 0
      objectReference: {fileID: 0}
    - target: {fileID: 2069743130034599684, guid: e84914d5c4bda264a9e13cf0b98562b9, type: 3}
      propertyPath: m_LocalRotation.y
      value: -0
      objectReference: {fileID: 0}
    - target: {fileID: 2069743130034599684, guid: e84914d5c4bda264a9e13cf0b98562b9, type: 3}
      propertyPath: m_LocalRotation.z
      value: -0
      objectReference: {fileID: 0}
    - target: {fileID: 2069743130034599684, guid: e84914d5c4bda264a9e13cf0b98562b9, type: 3}
      propertyPath: m_LocalEulerAnglesHint.x
      value: 0
      objectReference: {fileID: 0}
    - target: {fileID: 2069743130034599684, guid: e84914d5c4bda264a9e13cf0b98562b9, type: 3}
      propertyPath: m_LocalEulerAnglesHint.y
      value: 0
      objectReference: {fileID: 0}
    - target: {fileID: 2069743130034599684, guid: e84914d5c4bda264a9e13cf0b98562b9, type: 3}
      propertyPath: m_LocalEulerAnglesHint.z
      value: 0
      objectReference: {fileID: 0}
    m_RemovedComponents: []
  m_SourcePrefab: {fileID: 100100000, guid: e84914d5c4bda264a9e13cf0b98562b9, type: 3}
--- !u!4 &7442842957528440507 stripped
Transform:
  m_CorrespondingSourceObject: {fileID: 2069743130034599684, guid: e84914d5c4bda264a9e13cf0b98562b9, type: 3}
  m_PrefabInstance: {fileID: 8931621390625565119}
  m_PrefabAsset: {fileID: 0}
